@techreport{WHO2016ambient,
  title={{Ambient air pollution: A global assessment of exposure and burden of disease}},
  author={WHO},
  year={2016},
  institution={World Health Organisation},
  address={Geneva},
  number = {}
}

@techreport{WHO2002ambientmonitoring,
  title={{Monitoring ambient air quality for health impact assessment}},
  author={WHO},
  year={2002},
  institution={World Health Organisation},
  address={Geneva},
  number = {}
}

@techreport{Google2017EnvReport,
  title={{Environmental Report: 2017 progress update}},
  author={Google},
  year={2017},
  institution={Google},
  address={Mountain View, CA},
  number = {}
}

@inproceedings{ibrahim2015IOTenvmon,
  title={{Internet of Things based Smart Environmental Monitoring using the Raspberry-Pi Computer}},
  author={Ibrahim, Mohannad and Elgamri, Abdelghafor and Babiker, Sharief and Mohamed, Ahmed},
  booktitle={{The Fifth International Conference on Digital Information Processing and Communications}},
  pages={159--164},
  year={2015},
  organization={IEEE},
  venue = {7--9 October 2015 Sierre},
  address = {Sierre, Switzerland},
  publisher = {IEEE}
}

@incollection{2014busairqualityVSN,
  title={{Urban Air Quality Monitoring Using Vehicular Sensor Networks}},
  author={Re, Giuseppe Lo and Peri, Daniele and Vassallo, Salvatore Davide},
  booktitle={Advances onto the {I}nternet of {T}hings},
  pages={311--323},
  year={2014},
  publisher={Springer},
  volume={260},
  editor = {S. Gaglio and G. L. Re},
  address = {New York, US}
}

@article{alkandari2018airqualityexperimental,
  title={{Implementation of Monitoring System for Air Quality using Raspberry Pi: Experimental Study}},
  author={Alkandari, Abdulrahman Abdullah and Moein, Samer},
  journal={Indonesian Journal of Electrical Engineering and Computer Science},
  volume={10},
  number={1},
  year={2018},
  pages={43-49}
}

@article{pope2002lungcancercardiomortality,
author = {Pope, C Arden and Burnett, Richard T and Thun, Michael J and Calle, Eugenia E and Krewski, Daniel and Ito, Kazuhiko and Thurston, George D},
title = {Lung cancer, cardiopulmonary mortality, and long-term exposure to fine particulate air pollution},
journal = {JAMA},
volume = {287},
number = {9},
pages = {1132-1141},
year = {2002}
}

@article{pope1995particulate,
  title={Particulate air pollution as a predictor of mortality in a prospective study of US adults},
  author={Pope, C Arden and Thun, Michael J and Namboodiri, Mohan M and Dockery, Douglas W and Evans, John S and Speizer, Frank E and Heath, Clark W and others},
  journal={American Journal of Respiratory and Critical Care Medicine},
  volume={151},
  number={3},
  pages={669--674},
  year={1995},
  publisher={Am Thoracic Soc}
}

@article{dockery1993_6cityairpoll,
author={Dockery, D.W. and Pope, C.A. and xu, X. and Spengler, J.D. and Ware, J.H. and Fay, M.E. and Ferris, B.G. and Speizer, F.E.},
title={{An Association between Air Pollution and Mortality in Six U.S. Cities}},
journal={New England Journal of Medicine},
year={1993},
volume={329},
number={24},
pages={1753-1759}
}

@article{jerrett2008childasthma,
  title={Traffic-related air pollution and asthma onset in children: a prospective cohort study with individual exposure measurement},
  author={Jerrett, Michael and Shankardass, Ketan and Berhane, Kiros and Gauderman, W James and K{\"u}nzli, Nino and Avol, Edward and Gilliland, Frank and Lurmann, Fred and Molitor, Jassy N and Molitor, John T and others},
  journal={Environmental Health Perspectives},
  volume={116},
  number={10},
  pages={1433},
  year={2008},
  publisher={National Institute of Environmental Health Science}
}

@article{guarnieri2014outdoorairpollasthma,
  title={Outdoor air pollution and asthma},
  author={Guarnieri, Michael and Balmes, John R},
  journal={The Lancet},
  volume={383},
  number={9928},
  pages={1581--1592},
  year={2014},
  publisher={Elsevier}
}

@article{zimmerman2018machinelearning,
  title={A machine learning calibration model using random forests to improve sensor performance for lower-cost air quality monitoring},
  author={Zimmerman, Naomi and Presto, Albert A and Kumar, Sriniwasa PN and Gu, Jason and Hauryliuk, Aliaksei and Robinson, Ellis S and Robinson, Allen L and Subramanian, R},
  journal={Atmospheric Measurement Techniques},
  volume={11},
  number={1},
  pages={291},
  year={2018},
  publisher={Copernicus GmbH}
}

@article{sun2016HKmarathonML,
  title={{Development and application of a next generation air sensor network for the Hong Kong marathon 2015 air quality monitoring}},
  author={Sun, Li and Wong, Ka Chun and Wei, Peng and Ye, Sheng and Huang, Hao and Yang, Fenhuan and Westerdahl, Dane and Louie, Peter KK and Luk, Connie WY and Ning, Zhi},
  journal={Sensors},
  volume={16},
  number={2},
  pages={211},
  year={2016},
  publisher={Multidisciplinary Digital Publishing Institute}
}

@techreport{Spinelle2013protocolcalibration,
author={{European Commission}},
title={{Protocol of Evaluation and Calibration of Low-Cost Gas Sensors for the Monitoring of Air Pollution}},
address = {Belgium},
year={2013},
publisher = {Publications Office of the European Union}
}

@ARTICLE{Spinelle2015fieldcalibrationa,
author={Spinelle, L. and Gerboles, M. and Villani, M.G. and Aleixandre, M. and Bonavitacola, F.},
title={{Field calibration of a cluster of low-cost available sensors for air quality monitoring. Part A: Ozone and nitrogen dioxide}},
journal={Sensors and Actuators, B: Chemical},
year={2015},
volume={215},
pages={249-257}
}

@article{Spinelle2017fieldcalibrationb,
author = {Spinelle, Laurent and Gerboles, Michel and Villani, Maria Gabriella and Aleixandre, Manuel and Bonavitacola, Fausto},
journal = {Sensors and Actuators, B: Chemical},
pages = {706--715},
title = {{Field calibration of a cluster of low-cost commercially available sensors for air quality monitoring. Part B: NO, CO and CO2}},
volume = {238},
year = {2017}
}


@article{schepers2015bikepaths,
  title={The mortality impact of bicycle paths and lanes related to physical activity, air pollution exposure and road safety},
  author={Schepers, Paul and Fishman, Elliot and Beelen, Rob and Heinen, Eva and Wijnen, Wim and Parkin, John},
  journal={Journal of Transport \& Health},
  volume={2},
  number={4},
  pages={460--473},
  year={2015},
  publisher={Elsevier}
}

@techreport{govuk2017airquality,
  author = {{DEFRA}},
  year = {2017},
  title = {{Defra National Statistics Release: Air quality statistics in the UK 1987 to 2017}},
  address = {London},
  institution = {DEFRA},
  number = {ENV02}
}

@online{google2018heatmap,
      author = {Google},
      year = {2017},
      title = {{Maps Javascript API: Heatmaps}},
      titleaddon = {[Online]},
      address = {Mountain View, CA},
      organization = {Google},
      url = {https://developers.google.com/maps/documentation/javascript/examples/layer-heatmap},
      urldate = {18/02/2018}}

@inproceedings{Devarakonda2013,
author={Devarakonda, S. and Sevusu, P. and Liu, H. and Liu, R. and Iftode, L. and Nath, B.},
title={Real-time air quality monitoring through mobile sensing in metropolitan areas},
booktitle={{Proceedings of the 19th ACM SIGKDD Conference on Knowledge Discovery and Data Mining}},
editor={R. L. Grossman and R. Uthurusamy},
year={2013},
pages={15-23},
venue = {11--14 August 2013 Chicago},
address = {New York},
publisher={ACM}
}

@inproceedings{Hoang2013hanoihexagons,
author={Hoang, D.H. and Strufe, T. and Le, Q.D. and Bui, P.T. and Pham, T.N. and Thai, N.T. and Le, T.D. and Schweizer, I.},
title={{Processing and visualizing traffic pollution data in Hanoi City from a wireless sensor network}},
booktitle={{38th Annual IEEE Conference on Local Computer Networks - Workshops}},
editor = {D. Turgut and N. Aschenbruck},
year={2013},
pages={48-55},
venue = {21--24 October 2013 Sydney},
address = {Washington},
publisher={IEEE}
}

@online{rpi2018powerfaq,
      author = {{Raspberry Pi Foundation}},
      year = {2018},
      title = {Raspberry Pi FAQs: Power},
      titleaddon = {[Online]},
      address = {London},
      organization = {Raspberry Pi Foundation},
      url = {https://www.raspberrypi.org/help/faqs/\#powerReqs},
      urldate = {21/02/2018}}

@online{defra2018website,
      author = {{DEFRA}},
      year = {2018},
      title = {{UK-AIR: Air Information Resource}},
      titleaddon = {[Online]},
      address = {London},
      organization = {DEFRA},
      url = {https://uk-air.defra.gov.uk/},
      urldate = {28/03/2018}}
      
@inproceedings{Rahman2017adaptivesensingRPi,
      author={Rahman, M. and Rahman, A. and Afrin, A. and Hong, H.-J. and Tsai, P.-H. and Uddin, M.Y.S. and Venkatasubramanian, N. and Hsu, C.-H.},
      title={Adaptive sensing using internet-of-things with constrained communications},
      booktitle={{Proceedings of the 16th Workshop on Adaptive and Reflective Middleware, ARM 2017}},
      editor = {A. Dubey and M. García-Valls},
      year={2017},
      pages={6-12},
      address={New York},
      publisher={ACM},
      venue = {11--15 December 2017 Las Vegas}
}

@article{Jabbar2017bikefossarchitecture,
      author={Jabbar, A. A. and Aicardi, I. and Grasso, N. and Piras, M.},
      title={Urban data collection using a bike mobile system with a foss architecture},
      journal={International Archives of the Photogrammetry, Remote Sensing and Spatial Information Sciences - ISPRS Archives},
      year={2017},
      volume={42},
      number={4},
      pages={3-9}
}

@article{Balasubramaniyan2016AQMS_RPi,
      author={Balasubramaniyan, C. and Manivannan, D.},
      title={{IoT enabled Air Quality Monitoring System (AQMS) using Raspberry Pi}},
      journal={Indian Journal of Science and Technology},
      year={2016},
      volume={9},
      number={39}
}

@mastersthesis{thorpe2017RPimesh,
      author = {Thorpe, M. R.},
      year = {2017},
      title = {Improving Low Cost Sensing with Ad-Hoc Mesh Networks and Machine Learning},
      type = {Thesis ({M.Sc.})},
      school = {University of Bath, Bath}}
      
@mastersthesis{garnier2017mythorreality,
      author = {Garnier, O.},
      year = {2017},
      title = {Affordable air quality monitoring ? myth or reality?},
      type = {Dissertation ({B.Sc.})},
      school = {University of Bath, Bath}}

@article{mogles2017smartsmartmeters,
  title = {How smart do smart meters need to be?},
  journal = {Building and Environment},
  volume = {125},
  pages = {439--450},
  year = {2017},
  author = {Nataliya Mogles and Ian Walker and Alfonso P. Ramallo-GonzÃ¡lez and JeeHang Lee and Sukumar Natarajan and Julian Padget and Elizabeth Gabe-Thomas and Tom Lovett and Gang Ren and Sylwia Hyniewska and Eamonn O'Neill and Rachid Hourizi and David Coley}
}

@article{Hagler2010durhamallelectric,
  author={Hagler, G.S.W. and Thoma, E.D. and Baldauf, R.W.},
  title={High-resolution mobile monitoring of carbon monoxide and ultrafine particle concentrations in a near-road environment},
  journal={Journal of the Air and Waste Management Association},
  year={2010},
  volume={60},
  number={3},
  pages={328-336}
}

@article{Wallace2009mobilehamilton,
author={Wallace, J. and Corr, D. and Deluca, P. and Kanaroglou, P. and McCarry, B.},
title={{Mobile monitoring of air pollution in cities: The case of Hamilton, Ontario, Canada}},
journal={Journal of Environmental Monitoring},
year={2009},
volume={11},
number={5},
pages={998-1003}
}

@article{Westerdahl2005losangeles,
author={Westerdahl, D. and Fruin, S. and Sax, T. and Fine, P.M. and Sioutas, C.},
title={{Mobile platform measurements of ultrafine particles and associated pollutant concentrations on freeways and residential streets in Los Angeles}},
journal={Atmospheric Environment},
year={2005},
volume={39},
number={20},
pages={3597-3610}
}

@article{Weijers2004movingmeasurementunit,
author={Weijers, E.P. and Khlystov, A.Y. and Kos, G.P.A. and Erisman, J.W.},
title={{Variability of particulate matter concentrations along roads and motorways determined by a moving measurement unit}},
journal={Atmospheric Environment},
year={2004},
volume={38},
number={19},
pages={2993-3002}
}

@article{Adams2012hamilton20052010,
author={Adams, M.D. and DeLuca, P.F. and Corr, D. and Kanaroglou, P.S.},
title={{Mobile Air Monitoring: Measuring Change in Air Quality in the City of Hamilton, 2005-2010}},
journal={Social Indicators Research},
year={2012},
volume={108},
number={2},
pages={351-364}
}

@article{Elen2013aeroflex,
author={Elen, B. and Peters, J. and van Poppel, M. and Bleux, N. and Theunis, J. and Reggente, M. and Standaert, A.},
title={{The Aeroflex: A bicycle for mobile air quality measurements}},
journal={Sensors},
year={2013},
volume={13},
number={1},
pages={221-240}
}

@article{Peters2013cycleruns,
author={Peters, J. and Theunis, J. and Van Poppel, M. and Berghmans, P.},
title={Monitoring PM10 and ultrafine particles in urban environments using mobile measurements},
journal={Aerosol and Air Quality Research},
year={2013},
volume={13},
number={2},
pages={509-522}
}

@article{Brook2004cardiostmnt,
author={Brook, R.D. and Franklin, B. and Cascio, W. and Hong, Y. and Howard, G. and Lipsett, M. and Luepker, R. and Mittleman, M. and Samet, J. and Smith Jr., S.C. and Tager, I.},
title={{Air pollution and cardiovascular disease: A statement for healthcare professionals from the expert panel on population and prevention science of the American Heart Association}},
journal={Circulation},
year={2004},
volume={109},
number={21},
pages={2655-2671}
}

@article{Ebi2008ozonePMhealth,
author = {Ebi, K L and McGregor, G},
journal = {Environmental Health Perspectives},
number = {11},
pages = {1449--1455},
title = {{Climate change, tropospheric ozone and particulate matter, and health impacts}},
volume = {116},
year = {2008}
}

@inproceedings{Wong2009envmonitoringtemporal,
author = {Wong, Kai-Juan and Chua, Chee-Cheng and Li, Qingyun},
booktitle = {{5th International Conference on Wireless Communications, Networking and Mobile Computing}},
pages = {1--4},
title = {{Environmental Monitoring Using Wireless Vehicular Sensor Networks}},
editor = {Y. Zhang and Z. Niu and L. Cuthbert},
year = {2009},
venue = {24--26 September 2009 Beijing},
publisher = {IEEE},
address = {Washington}
}

@online{eea2018airqualityindex,
      author = {{European Environment Agency}},
      year = {2018},
      title = {{European Air Quality Index: current air quality information at your finger tips}},
      titleaddon = {[Online]},
      address = {Copenhagen, Denmark},
      organization = {EEA},
      url = {https://www.eea.europa.eu/highlights/european-air-quality-index-current},
      urldate = {29/03/2018}}

@online{defra2018daqi,
      author = {{DEFRA}},
      year = {2018},
      title = {{Daily Air Quality Index}},
      titleaddon = {[Online]},
      address = {London, UK},
      organization = {Department for Environment Food and Rural Affairs},
      url = {https://uk-air.defra.gov.uk/air-pollution/daqi},
      urldate = {29/03/2018}}
      
@online{dft2018traffic,
      author = {DFT},
      year = {2017},
      title = {{Traffic counts}},
      titleaddon = {[Online]},
      address = {London},
      organization = {Department for Transport},
      url = {https://www.dft.gov.uk/traffic-counts/cp.php},
      urldate = {10/08/2018}}

@inproceedings{Min2014airfeedbeagle,
address = {Washington},
venue = {15--17 April 2014 Berlin},
author = {Min, Kyeong T. and Forys, Andrzej and Schmid, Thomas},
booktitle = {{IPSN 2014 - Proceedings of the 13th International Symposium on Information Processing in Sensor Networks}},
editor = {A. Wolisz},
pages = {325--326},
publisher = {IEEE},
title = {{Demonstration abstract: AirFeed - Indoor real time interactive air quality monitoring system}},
year = {2014}
}

@inproceedings{Desai2017beagleboneblack,
address = {Washington},
author = {Desai, Nitin Sadashiv and Alex, John Sahaya Rani},
booktitle = {{2017 International Conference On Nextgen Electronic Technologies: Silicon to Software}},
pages = {367--370},
editor = {S. R. S. Prabaharan},
title = {{IoT based air pollution monitoring and predictor system on Beagle bone black}},
year = {2017},
venue = {23--25 March 2017 Chennai},
publisher = {IEEE}
}

@article{Ferdoush2014rasppiandarduino,
author = {Ferdoush, S and Li, X},
journal = {Procedia Computer Science},
number = {},
pages = {103--110},
title = {{Wireless sensor network system design using Raspberry Pi and Arduino for environmental monitoring applications}},
volume = {34},
year = {2014}
}

@inproceedings{Lee2014arduinorestful,
author = {Lee, Sungchul and Jo, Juyeon and Kim, Yoohwan and Stephen, Haroon},
booktitle = {{2014 IEEE International Conference on Services Computing}},
pages = {275--282},
title = {{A Framework for Environmental Monitoring with Arduino-Based Sensors Using Restful Web Service}},
year = {2014},
venue = {27 June--2 July 2014 Anchorage},
address = {Washington},
publisher = {IEEE}
}

@inproceedings{Alvear2016ecosensor,
author = {Alvear, {\'{O}} and Zamora, W. and Calafate, C. T. and Cano, J. C. and Manzoni, P.},
booktitle = {{2016 IEEE 17th International Symposium on A World of Wireless, Mobile and Multimedia Networks}},
number = {},
pages = {1--6},
title = {{EcoSensor: Monitoring environmental pollution using mobile sensors}},
year = {2016},
venue = {21--24 June 2016 Coimbra},
address = {Washington},
publisher = {IEEE}
}

@inproceedings{Fuertes2016realtime,
author = {Fuertes, Walter and Carrera, Diego and Villacis, Cesar and Toulkeridis, Theofilos and Galarraga, Fernando and Torres, Edgar and Aules, Hernan},
booktitle = {{Proceedings - 2015 IEEE/ACM 19th International Symposium on Distributed Simulation and Real Time Applications, DS-RT 2015}},
pages = {58--67},
editor = {S. J. Turner and Y. Yao},
title = {{Distributed system as internet of things for a new low-cost, air pollution wireless monitoring on real time}},
year = {2016},
venue = {14--16 October 2015 Chengdu},
address = {New York},
publisher = {ACM}
}

@article{Piedrahita2014quantexposuremtrng,
author = {Piedrahita, R. and Xiang, Y. and Masson, N. and Ortega, J. and Collier, A. and Jiang, Y. and Li, K. and Dick, R. P. and Lv, Q. and Hannigan, M. and Shang, L.},
journal = {Atmospheric Measurement Techniques},
number = {10},
pages = {3325--3336},
title = {{The next generation of low-cost personal air quality sensors for quantitative exposure monitoring}},
volume = {7},
year = {2014}
}

@article{Abraham2014costeffindoor,
author = {Abraham, Sherin and Li, Xinrong},
journal = {Procedia Computer Science},
pages = {165--171},
publisher = {Elsevier},
title = {{A cost-effective wireless sensor network system for indoor air quality monitoring applications}},
volume = {34},
year = {2014}
}

@article{Kuhlbusch2014futureEUair,
author = {Kuhlbusch, Thomas A.J. and Quincey, Paul and Fuller, Gary W. and Kelly, Frank and Mudway, Ian and Viana, Mar and Querol, Xavier and Alastuey, Andr{\'{e}}s and Katsouyanni, Klea and Weijers, Ernie and Borowiak, Annette and Gehrig, Robert and Hueglin, Christoph and Bruckmann, Peter and Favez, Olivier and Sciare, Jean and Hoffmann, Barbara and EspenYttri, Karl and Torseth, Kjetil and Sager, Uta and Asbach, Christof and Quass, Ulrich},
journal = {Atmospheric Environment},
pages = {258--260},
title = {{New Directions: The future of European urban air quality monitoring}},
volume = {87},
year = {2014}
}

@article{Clements2017lowcostworkshop,
author = {Clements, Andrea L. and Griswold, William G. and RS, Abhijit and Johnston, Jill E. and Herting, Megan M. and Thorson, Jacob and Collier-Oxandale, Ashley and Hannigan, Michael},
journal = {Sensors},
number = {11},
pages = {2478},
title = {{Low-Cost Air Quality Monitoring Tools: From Research to Practice (A Workshop Summary)}},
volume = {17},
year = {2017}
}

@article{Briggs1997mappingGIS,
author = {Briggs, David J. and Collins, Susan and Elliott, Paul and Fischer, Paul and Kingham, Simon and Lebret, Erik and Pryl, Karel and {Van Reeuwijk}, Hans and Smallbone, Kirsty and {Van Der Veen}, Andre},
journal = {International Journal of Geographical Information Science},
number = {7},
pages = {699--718},
title = {{Mapping urban air pollution using GIS: A regression-based approach}},
volume = {11},
year = {1997}
}

@article{Apte2017googlestreetview,
author = {Apte, Joshua S. and Messier, Kyle P. and Gani, Shahzad and Brauer, Michael and Kirchstetter, Thomas W. and Lunden, Melissa M. and Marshall, Julian D. and Portier, Christopher J. and Vermeulen, Roel C.H. and Hamburg, Steven P.},
journal = {Environmental Science and Technology},
number = {12},
pages = {6999--7008},
title = {{High-Resolution Air Pollution Mapping with Google Street View Cars: Exploiting Big Data}},
volume = {51},
year = {2017}
}

@article{Marshall2008withinurbanvar,
author = {Marshall, Julian D. and Nethery, Elizabeth and Brauer, Michael},
journal = {Atmospheric Environment},
number = {5},
pages = {1359--1369},
title = {{Within-urban variability in ambient air pollution: Comparison of estimation methods}},
volume = {42},
year = {2008}
}

@article{Hagemann2014aerotram,
author = {Hagemann, Rowell and Corsmeier, Ulrich and Kottmeier, Christoph and Rinke, Rayk and Wieser, Andreas and Vogel, Bernhard},
journal = {Atmospheric Environment},
pages = {341--352},
publisher = {Elsevier Ltd},
title = {{Spatial variability of particle number concentrations and NOx in the Karlsruhe (Germany) area obtained with the mobile laboratory 'AERO-TRAM'}},
volume = {94},
year = {2014}
}

@article{Hasenfratz2015highresmapsTram,
author = {Hasenfratz, David and Saukh, Olga and Walser, Christoph and Hueglin, Christoph and Fierz, Martin and Arn, Tabita and Beutel, Jan and Thiele, Lothar},
journal = {Pervasive and Mobile Computing},
pages = {268--285},
publisher = {Elsevier B.V.},
title = {{Deriving high-resolution urban air pollution maps using mobile sensor nodes}},
volume = {16},
year = {2015}
}

@article{Beelen2014escapeproject,
author = {Beelen, Rob and Raaschou-Nielsen, Ole and Stafoggia, Massimo and Andersen, Zorana Jovanovic and Weinmayr, Gudrun and Hoffmann, Barbara and Wolf, Kathrin and Samoli, Evangelia and Fischer, Paul and Nieuwenhuijsen, Mark and Vineis, Paolo and Xun, Wei W. and Katsouyanni, Klea and Dimakopoulou, Konstantina and Oudin, Anna and Forsberg, Bertil and Modig, Lars and Havulinna, Aki S. and Lanki, Timo and Turunen, Anu and Oftedal, Bente and Nystad, Wenche and Nafstad, Per and {De Faire}, Ulf and Pedersen, Nancy L. and {\"{O}}stenson, Claes G{\"{o}}ran and Fratiglioni, Laura and Penell, Johanna and Korek, Michal and Pershagen, G{\"{o}}ran and Eriksen, Kirsten Thorup and Overvad, Kim and Ellermann, Thomas and Eeftens, Marloes and Peeters, Petra H. and Meliefste, Kees and Wang, Meng and Bueno-De-Mesquita, Bas and Sugiri, Dorothea and Kr{\"{a}}mer, Ursula and Heinrich, Joachim and {De Hoogh}, Kees and Key, Timothy and Peters, Annette and Hampel, Regina and Concin, Hans and Nagel, Gabriele and Ineichen, Alex and Schaffner, Emmanuel and Probst-Hensch, Nicole and K{\"{u}}nzli, Nino and Schindler, Christian and Schikowski, Tamara and Adam, Martin and Phuleria, Harish and Vilier, Alice and Clavel-Chapelon, Fran{\c{c}}oise and Declercq, Christophe and Grioni, Sara and Krogh, Vittorio and Tsai, Ming Yi and Ricceri, Fulvio and Sacerdote, Carlotta and Galassi, Claudia and Migliore, Enrica and Ranzi, Andrea and Cesaroni, Giulia and Badaloni, Chiara and Forastiere, Francesco and Tamayo, Ibon and Amiano, Pilar and Dorronsoro, Miren and Katsoulis, Michail and Trichopoulou, Antonia and Brunekreef, Bert and Hoek, Gerard},
journal = {The Lancet},
number = {9919},
pages = {785--795},
title = {{Effects of long-term exposure to air pollution on natural-cause mortality: An analysis of 22 European cohorts within the multicentre ESCAPE project}},
volume = {383},
year = {2014}
}

@article{Anderson2012clearingtheair,
author = {Anderson, Jonathan O. and Thundiyil, Josef G. and Stolbach, Andrew},
journal = {Journal of Medical Toxicology},
number = {2},
pages = {166--175},
title = {{Clearing the Air: A Review of the Effects of Particulate Matter Air Pollution on Human Health}},
volume = {8},
year = {2012}
}

@mastersthesis{hui2011energyharvestingbicycle,
      author = {Hui, Michael},
      year = {2011},
      title = {Energy harvesting bicycle},
      type = {Dissertation ({B.Sc.})},
      school = {California Polytechnic State University, California}
}

@article{Yang2012weaving,
author = {Yang, Yoonseok and Yeo, Jeongjin and Priya, Shashank},
journal = {Sensors},
number = {8},
pages = {10248--10258},
title = {{Harvesting energy from the counterbalancing (Weaving) movement in bicycle riding}},
volume = {12},
year = {2012}
}

@article{Hoek2008LUR,
author = {Hoek, Gerard and Beelen, Rob and de Hoogh, Kees and Vienneau, Danielle and Gulliver, John and Fischer, Paul and Briggs, David},
journal = {Atmospheric Environment},
number = {33},
pages = {7561--7578},
publisher = {Elsevier Ltd},
title = {{A review of land-use regression models to assess spatial variation of outdoor air pollution}},
volume = {42},
year = {2008}
}

@article{vanZoest2018outlierdetection,
author="van Zoest, V. M. and Stein, A. and Hoek, G.",
title="Outlier Detection in Urban Air Quality Sensor Networks",
journal="Water, Air, {\&} Soil Pollution",
year="2018",
month="Mar",
day="08",
volume="229",
number="4",
pages="111"
}

@article{Turner2016ozonemortality,
author = {Turner, Michelle C. and Jerrett, Michael and Pope, C. Arden and Krewski, Daniel and Gapstur, Susan M. and Diver, W. Ryan and Beckerman, Bernardo S. and Marshall, Julian D. and Su, Jason and Crouse, Daniel L. and Burnett, Richard T.},
journal = {{American Journal of Respiratory and Critical Care Medicine}},
number = {10},
pages = {1134--1142},
title = {{Long-Term Ozone Exposure and Mortality in a Large Prospective Study}},
volume = {193},
year = {2016}
}

@article{Faustini2014nitrogenmortality,
author = {Faustini, Annunziata and Rapp, Regula and Forastiere, Francesco},
journal = {European Respiratory Journal},
number = {3},
pages = {744--753},
title = {{Nitrogen dioxide and mortality: Review and meta-analysis of long-term studies}},
volume = {44},
year = {2014}
}

@article{Castell2017,
author = {Castell, Nuria and Dauge, Franck R. and Schneider, Philipp and Vogt, Matthias and Lerner, Uri and Fishbain, Barak and Broday, David and Bartonova, Alena},
journal = {Environment International},
pages = {293--302},
publisher = {Elsevier},
title = {{Can commercial low-cost sensor platforms contribute to air quality monitoring and exposure estimates?}},
volume = {99},
year = {2017}
}

@misc{eudir2008airquality,
	  author = {{European Parliament}},
      title = {Directive 2008/50/EC of the {European} {Parliament} and of the {Council} of 21st {May} 2008 on ambient air quality and cleaner air for {Europe}},
      titleaddon = {[2008] \emph{OJ} L151/1},
      year = {2008}
}
      
@article{Jerrett2005evalmapmodels,
author = {Jerrett, Michael and Arain, Altaf and Kanaroglou, Pavlos and Beckerman, Bernardo and Potoglou, Dimitri and Sahsuvaroglu, Talar and Morrison, Jason and Giovis, Chris},
journal = {{Journal of Exposure Analysis and Environmental Epidemiology}},
number = {2},
pages = {185--204},
title = {{A review and evaluation of intraurban air pollution exposure models}},
volume = {15},
year = {2005}
}

@article{Kanaroglou2005location,
author = {Kanaroglou, Pavlos S. and Jerrett, Michael and Morrison, Jason and Beckerman, Bernardo and Arain, M. Altaf and Gilbert, Nicolas L. and Brook, Jeffrey R.},
journal = {Atmospheric Environment},
number = {13},
pages = {2399--2409},
title = {{Establishing an air pollution monitoring network for intra-urban population exposure assessment: A location-allocation approach}},
volume = {39},
year = {2005}
}

@techreport{BANES2017baqap,
  title={{Bath Air Quality Action Plan -- Consultation Draft (final)}},
  author={BANES},
  year={2017},
  institution={Bath and North East Somerset Council},
  address={Bath},
  number = {}
}

@techreport{DEFRA2017uknoxplan,
  author = {{DEFRA}},
  year = {2017},
  title = {{UK plan for tackling roadside nitrogen dioxide concentrations}},
  address = {London},
  institution = {DEFRA},
  number = {}
}

@techreport{uva2009preliminary,
  title={{Preliminary Screening System for Ambient Air Quality in Southeast Philadelphia}},
  author={Uva, M and Falcone, R and McClellan, A and Ostapowicz, E},
  institution={Drexel University},
  year={2009},
  address = {Philadelphia},
  number = {ECE-19}
}

@article{alvear2017uav,
  title={{Using UAV-based systems to monitor air pollution in areas with poor accessibility}},
  author={Alvear, Oscar and Zema, Nicola Roberto and Natalizio, Enrico and Calafate, Carlos T},
  journal={Journal of Advanced Transportation},
  volume={},
  year={2017},
  publisher={Wiley}
}

@online{anderson2012noxdroid,
      author = {Andersen, Andreas and Kr{\o}gholt, Pelle and Bierre, Stine and Tabard, Aur{\'e}lien},
      year = {2012},
      title = {{NoxDroid - A Bicycle Sensor System for Air Pollution Monitoring}},
      titleaddon = {[Online]},
      address = {Copenhagen},
      organization = {IT University Copenhagen},
      url = {http://noxdroid.org/},
      urldate = {18/07/2018}}

@article{boeing2017osmnx,
  title={{OSMnx: New methods for acquiring, constructing, analyzing, and visualizing complex street networks}},
  author={Boeing, Geoff},
  journal={Computers, Environment and Urban Systems},
  volume={65},
  pages={126--139},
  year={2017},
  publisher={Elsevier}
}

@article{skov_petersen2018cyclingpreferences,
author = {Hans Skov-Petersen and Bernhard Barkow and Thomas Lundhede and Jette Bredahl Jacobsen},
title = {How do cyclists make their way? - A GPS-based revealed preference study in Copenhagen},
journal = {International Journal of Geographical Information Science},
volume = {32},
number = {7},
pages = {1469-1484},
year  = {2018},
publisher = {Taylor & Francis}
}

@article{broach2012wherecyclistsride,
title = "Where do cyclists ride? A route choice model developed with revealed preference GPS data",
journal = "Transportation Research Part A: Policy and Practice",
volume = "46",
number = "10",
pages = "1730 - 1740",
year = "2012",
author = "Joseph Broach and Jennifer Dill and John Gliebe"
}

@Article{Ramos2016inhaleddose,
author="Ramos, Carla A. and Wolterbeek, Humbert T. and Almeida, Susana M.",
title="Air pollutant exposure and inhaled dose during urban commuting: a comparison between cycling and motorized modes",
journal="Air Quality, Atmosphere {\&} Health",
year="2016",
month="Dec",
day="01",
volume="9",
number="8",
pages="867--879"
}

@article{bigazzi2014reviewintake,
author = {Alexander Y. Bigazzi and Miguel A. Figliozzi},
title = {Review of Urban Bicyclists' Intake and Uptake of Traffic-Related Air Pollution},
journal = {Transport Reviews},
volume = {34},
number = {2},
pages = {221-245},
year  = {2014},
publisher = {Routledge}
}

@online{ons2011census,
      author = {{Office for National Statistics}},
      year = {2011},
      title = {{2011 Census aggregate data}},
      titleaddon = {[Online]},
      address = {London},
      organization = {Office for National Statistics},
      url = {https://www.ons.gov.uk/census/2011census},
      urldate = {19/07/2018}
}
      
@article{sharker2014exposureroutes,
author = {Monir H. Sharker and Hassan A. Karimi},
title = {Computing least air pollution exposure routes},
journal = {International Journal of Geographical Information Science},
volume = {28},
number = {2},
pages = {343-362},
year  = {2014},
publisher = {Taylor & Francis}
}

@techreport{smallbone2012customerinsight,
  title={{Individuals interpretation of air quality information: customer insight and awareness study}},
  author={Smallbone, Kirsty},
  year={2012},
  institution={University of Brighton},
  address={Brighton},
  number = {719}
}

@article{dijkstra1959,
  title={A note on two problems in connexion with graphs},
  author={Dijkstra, Edsger W},
  journal={Numerische mathematik},
  volume={1},
  number={1},
  pages={269--271},
  year={1959},
  publisher={Springer}
}

@article{rousseeuw1993alternatives,
  title={Alternatives to the median absolute deviation},
  author={Rousseeuw, Peter J and Croux, Christophe},
  journal={Journal of the American Statistical association},
  volume={88},
  number={424},
  pages={1273--1283},
  year={1993},
  publisher={Taylor \& Francis}
}

@book{tukey1977iqr,
  author = {Tukey, John W.},
  publisher = {Addison-Wesley},
  title = {Exploratory Data Analysis},
  year = {1977},
  edition={2},
  address = {Boston}
}

@article{hartog2010health,
  title={Do the health benefits of cycling outweigh the risks?},
  author={De Hartog, Jeroen Johan and Boogaard, Hanna and Nijland, Hans and Hoek, Gerard},
  journal={Environmental health perspectives},
  volume={118},
  number={8},
  pages={1109},
  year={2010},
  publisher={National Institute of Environmental Health Science}
}

@unpublished{courthold2018max,
  author = {Courthold, N.},
  year = {07/08/2018},
  title = {{Air quality monitoring in Bath}},
  note = {Email to E. Jeffery}}
  
@article {Ebenstein2017lifeexpectancy,
	author = {Ebenstein, Avraham and Fan, Maoyong and Greenstone, Michael and He, Guojun and Zhou, Maigeng},
	title = {New evidence on the impact of sustained exposure to air pollution on life expectancy from China{\textquoteright}s Huai River Policy},
	volume = {114},
	number = {39},
	pages = {10384--10389},
	year = {2017},
	publisher = {National Academy of Sciences},
	journal = {Proceedings of the National Academy of Sciences}
}

@article{mir2016framing,
title = "The impact of outcome framing and psychological distance of air pollution consequences on transportation mode choice",
journal = "Transportation Research Part D: Transport and Environment",
volume = "46",
pages = "328 - 338",
year = "2016",
author = "Hussein M. Mir and Koorosh Behrang and Mohammad T. Isaai and Pegah Nejat"
}

@article{Bigi2010summer,
title = "Analysis of the air pollution climate at a central urban background site",
journal = "Atmospheric Environment",
volume = "44",
number = "16",
pages = "2004 - 2012",
year = "2010",
author = "Alessandro Bigi and Roy M. Harrison"
}

